@misc{yaml,
  title = {YAML Project Homepage},
  url   = {https://yaml.org}
}

@misc{jinja2,
  title = {Jinja2 Project Homepage},
  url   = {https://jinja.palletsprojects.com/en/2.11.x}
}

@misc{stack,
  title = {Stack Project Homepage},
  url   = {https://docs.haskellstack.org/en/stable/}
}

@misc{haskell,
  title = {Haskell Project Homepage},
  url   = {https://www.haskell.org/}
}

@book{domain-driven-design,
  author    = {Eric Evans},
  year      = {2003},
  title     = {Domain-Driven Design: Tackling Complexity in the Heart of Software},
  publisher = {Addison-Wesley},
  edition   = {1},
  chapter   = {4 - Isolating the Domain},
  pages     = {68}
}

@book{property-based-testing,
  author    = {Fred Herbert},
  year      = {2019},
  title     = {The Pragmatic Programmers: Property-Based Testing with PropEr, Erlang, and Elixir},
  publisher = {Pragmatic Bookshelf},
  edition   = {1}
}